<record><leader>00000cas a22000007a 4500</leader><controlfield tag="001">13400875</controlfield><controlfield tag="008">860407d18891914mtuwr ne      0    0eng d</controlfield><datafield ind1=" " ind2=" " tag="010"><subfield code="a">sn 86075107 </subfield></datafield><datafield ind1=" " ind2=" " tag="040"><subfield code="a">MTL</subfield><subfield code="b">eng</subfield><subfield code="c">MTL</subfield><subfield code="d">OCLCQ</subfield><subfield code="d">DLC</subfield></datafield><datafield ind1=" " ind2=" " tag="042"><subfield code="a">msc</subfield></datafield><datafield ind1="0" ind2="4" tag="245"><subfield code="a">The Bozeman chronicle.</subfield></datafield><datafield ind1="1" ind2="7" tag="246"><subfield code="a">Bozeman weekly chronicle</subfield></datafield><datafield ind1=" " ind2=" " tag="260"><subfield code="a">Bozeman, Mont. :</subfield><subfield code="b">A.K. Yerkes,</subfield><subfield code="c">1889-1914.</subfield></datafield><datafield ind1=" " ind2=" " tag="300"><subfield code="a">25 v. :</subfield><subfield code="b">ill. ;</subfield><subfield code="c">55-70 cm.</subfield></datafield><datafield ind1=" " ind2=" " tag="310"><subfield code="a">Weekly</subfield></datafield><datafield ind1="0" ind2=" " tag="362"><subfield code="a">Vol. 7, no. 3 (Feb. 13, 1889)-v. 31, no. 48 (Jan. 15, 1914).</subfield></datafield><datafield ind1=" " ind2=" " tag="752"><subfield code="a">United States</subfield><subfield code="b">Montana</subfield><subfield code="c">Gallatin</subfield><subfield code="d">Bozeman.</subfield></datafield><datafield ind1="0" ind2="0" tag="780"><subfield code="t">Bozeman weekly chronicle</subfield><subfield code="x">2378-6825</subfield><subfield code="w">(DLC)sn 86075108</subfield><subfield code="w">(OCoLC)13400921</subfield></datafield><datafield ind1="0" ind2="0" tag="785"><subfield code="t">Bozeman weekly chronicle (1914)</subfield><subfield code="w">(DLC)sn 86075106</subfield></datafield></record>